<mx:record xmlns:v="http://viaf.org/viaf/terms#" xmlns:mx="http://www.loc.gov/MARC21/slim"
           xmlns:srw="http://www.loc.gov/zing/srw/">
   <mx:leader>00000nz##a22.....n..4500</mx:leader>
   <mx:controlfield tag="001">viaf286295377</mx:controlfield>
   <mx:controlfield tag="003">OCoLC</mx:controlfield>
   <mx:controlfield tag="008">121219n||azznnabbn##########|a#aaa####|#</mx:controlfield>
   <mx:datafield tag="024" ind1="7" ind2=" ">
      <mx:subfield code="a">http://viaf.org/viaf/286295377</mx:subfield>
      <mx:subfield code="2">uri</mx:subfield>
   </mx:datafield>
   <mx:datafield tag="040" ind1=" " ind2=" ">
      <mx:subfield code="a">VIAF</mx:subfield>
      <mx:subfield code="c">VIAF</mx:subfield>
   </mx:datafield>
   <mx:datafield ind1="1" ind2=" " tag="100">
      <mx:subfield code="a">Gnipho, M. Antonius</mx:subfield>
      <mx:subfield code="0">(NTA)070107173</mx:subfield>
   </mx:datafield>
   <mx:datafield ind1=" " ind2=" " tag="377">
      <mx:subfield code="a">lat</mx:subfield>
      <mx:subfield code="2">NTA</mx:subfield>
   </mx:datafield>
   <mx:datafield tag="375" ind1=" " ind2=" ">
      <mx:subfield code="a">unknown</mx:subfield>
      <mx:subfield code="2">0</mx:subfield>
   </mx:datafield>
   <mx:datafield tag="856" ind1="4" ind2="0">
      <mx:subfield code="u">http://viaf.org/viaf/286295377</mx:subfield>
   </mx:datafield>
   <mx:datafield tag="970" ind1=" " ind2=" ">
      <mx:subfield code="a">0</mx:subfield>
      <mx:subfield code="b">0</mx:subfield>
      <mx:subfield code="c">lived</mx:subfield>
   </mx:datafield>
   <mx:datafield tag="997" ind1=" " ind2=" ">
      <mx:subfield code="a">0</mx:subfield>
      <mx:subfield code="b">0</mx:subfield>
      <mx:subfield code="c">lived</mx:subfield>
   </mx:datafield>
</mx:record>